@book{ning2012,
  author    = {宁更新},
  title     = {数字信号处理实验教程},
  year      = {2012},
  month     = {September}
}

@article{rife1989digital,
  title={Digital Implementation of a Multiple-Discriminant Time-Delay Estimator},
  author={Rife, James C and Dowling, Thomas G},
  journal={IEEE Transactions on Acoustics, Speech, and Signal Processing},
  volume={37},
  number={1},
  pages={40--48},
  year={1989},
  publisher={IEEE}
}
@article{pisarenko1973retrieval,
  title={The Retrieval of Harmonics from a Covariance Function},
  author={Pisarenko, V.F.},
  journal={Geophysical Journal of the Royal Astronomical Society},
  volume={33},
  number={3},
  pages={347--366},
  year={1973},
}

@article{schmidt1986multiple,
  title={Multiple emitter location and signal parameter estimation},
  author={Schmidt, Roy},
  journal={IEEE transactions on antennas and propagation},
  volume={34},
  number={3},
  pages={276--280},
  year={1986},
  publisher={IEEE}
}


@article{roy1989esprit,
  title={ESPRIT-estimation of signal parameters via rotational invariance techniques},
  author={Roy, Ranjan K and Kailath, Thomas},
  journal={IEEE transactions on acoustics, speech, and signal processing},
  volume={37},
  number={7},
  pages={984--995},
  year={1989},
  publisher={IEEE}
}

@article{capon1969high,
  title={High-resolution frequency-wavenumber spectrum analysis},
  author={Capon, John},
  journal={Proceedings of the IEEE},
  volume={57},
  number={8},
  pages={1408--1418},
  year={1969},
  publisher={IEEE}
}


@article{atkinson1979pitch,
  title={Pitch determination of speech signals},
  author={Atkinson, Robert K},
  journal={Signal Processing},
  volume={1},
  number={4},
  pages={387--406},
  year={1979},
  publisher={Elsevier}
}
@article{atal1974automatic,
  title={Automatic speech recognition based on pitch contours},
  author={Atal, Bishnu S and Hanauer, Steven L},
  journal={The Journal of the Acoustical Society of America},
  volume={55},
  number={6},
  pages={1304--1312},
  year={1974},
  publisher={ASA}
}

@book{harris2015quantitative,
  title={Quantitative Chemical Analysis},
  author={Harris, Daniel C.},
  year={2015},
  publisher={Macmillan Higher Education},
  edition={9th},
  pages={151-153},
  isbn={978-1-4641-3538-0},
}
